@article{Dirac1953888,
  title   = "The lorentz transformation and absolute time",
  journal = "Physica ",
  volume  = "19",
  number  = "1-–12",
  pages   = "888--896",
  year    = "1953",
  doi     = "10.1016/S0031-8914(53)80099-6",
  author  = "P.A.M. Dirac"
}

@article{Feynman1963118,
  title   = "The theory of a general quantum system interacting with a linear dissipative system",
  journal = "Annals of Physics ",
  volume  = "24",
  pages   = "118--173",
  year    = "1963",
  doi     = "10.1016/0003-4916(63)90068-X",
  author  = "R.P Feynman and F.L {Vernon Jr.}"
}
@INPROCEEDINGS{8057028,
author={G. Tang and K. Wu and R. Brunner},
booktitle={IEEE INFOCOM 2017 - IEEE Conference on Computer Communications},
title={Rethinking CDN design with distributee time-varying traffic demands},
year={2017},
volume={},
number={},
pages={1-9},
keywords={Internet;cache storage;cloud computing;telecommunication traffic;CDN design method;CDN operator;North American ISP Point-of-Presence network;North American ISP-PoP network;content delivery network;distributee time-varying traffic demands;dynamic traffic based solution;optimal cache deployment problem;spatial request model;statistical spatial model;temporal information;Conferences;Internet;Network topology;Optimization;Servers;Topology},
doi={10.1109/INFOCOM.2017.8057028},
ISSN={},
month={May},}
